
% fluid flow + neural networks
@article{tompson2016accelerating,
  title={Accelerating Eulerian Fluid Simulation With Convolutional Networks},
  author={Tompson, Jonathan and Schlachter, Kristofer and Sprechmann, Pablo and Perlin, Ken},
  journal={arXiv preprint arXiv:1607.03597},
  year={2016}
}

@inproceedings{guo2016convolutional,
  title={Convolutional neural networks for steady flow approximation},
  author={Guo, Xiaoxiao and Li, Wei and Iorio, Francesco},
  booktitle={Proceedings of the 22nd ACM SIGKDD International Conference on Knowledge Discovery and Data Mining},
  pages={481--490},
  year={2016},
  organization={ACM}
}

% need to get that chinese paper thats behind paywalls

% lattice boltzmann
@book{kruger2016lattice,
  title={The Lattice Boltzmann Method: Principles and Practice},
  author={Kr{\"u}ger, Timm and Kusumaatmaja, Halim and Kuzmin, Alexandr and Shardt, Orest and Silva, Goncalo and Viggen, Erlend Magnus},
  year={2016},
  publisher={Springer}
}

@article{januszewski2014sailfish,
  title={Sailfish: A flexible multi-GPU implementation of the lattice Boltzmann method},
  author={Januszewski, Michal and Kostur, Marcin},
  journal={Computer Physics Communications},
  volume={185},
  number={9},
  pages={2350--2368},
  year={2014},
  publisher={Elsevier}
}

% neural network papers
@inproceedings{he2016deep,
  title={Deep residual learning for image recognition},
  author={He, Kaiming and Zhang, Xiangyu and Ren, Shaoqing and Sun, Jian},
  booktitle={Proceedings of the IEEE Conference on Computer Vision and Pattern Recognition},
  pages={770--778},
  year={2016}
}

@article{DBLP:journals/corr/RonnebergerFB15,
  author    = {Olaf Ronneberger and
               Philipp Fischer and
               Thomas Brox},
  title     = {U-Net: Convolutional Networks for Biomedical Image Segmentation},
  journal   = {CoRR},
  volume    = {abs/1505.04597},
  year      = {2015},
  url       = {http://arxiv.org/abs/1505.04597},
  timestamp = {Wed, 07 Jun 2017 14:40:33 +0200},
  biburl    = {http://dblp.uni-trier.de/rec/bib/journals/corr/RonnebergerFB15},
  bibsource = {dblp computer science bibliography, http://dblp.org}
}



@article{kingma2014adam,
  title={Adam: A method for stochastic optimization},
  author={Kingma, Diederik and Ba, Jimmy},
  journal={arXiv preprint arXiv:1412.6980},
  year={2014}
}



% surrogate models / reduced-order modeling

@article{barone2009reduced,
  title={Reduced order modeling of fluid/structure interaction},
  author={Barone, Matthew F and Kalashnikova, Irina and Brake, Matthew R and Segalman, Daniel J},
  journal={Sandia National Laboratories Report, SAND No},
  volume={7189},
  pages={44--72},
  year={2009}
}

@article{lucia2004reduced,
  title={Reduced-order modeling: new approaches for computational physics},
  author={Lucia, David J and Beran, Philip S and Silva, Walter A},
  journal={Progress in Aerospace Sciences},
  volume={40},
  number={1},
  pages={51--117},
  year={2004},
  publisher={Elsevier}
}

@inproceedings{ahmed2009surrogate,
  title={Surrogate-based aerodynamic design optimization: use of surrogates in aerodynamic design optimization},
  author={Ahmed, MYM and Qin, N},
  booktitle={13th International Conference on Aerospace Science \& Aviation Technology, Cairo, Egypt},
  pages={26--28},
  year={2009}
}

@incollection{schilders2008introduction,
  title={Introduction to model order reduction},
  author={Schilders, Wil},
  booktitle={Model order reduction: theory, research aspects and applications},
  pages={3--32},
  year={2008},
  publisher={Springer}
}

@article{rowley2004model,
  title={Model reduction for compressible flows using POD and Galerkin projection},
  author={Rowley, Clarence W and Colonius, Tim and Murray, Richard M},
  journal={Physica D: Nonlinear Phenomena},
  volume={189},
  number={1},
  pages={115--129},
  year={2004},
  publisher={Elsevier}
}

@article{veroy2005certified,
  title={Certified real-time solution of the parametrized steady incompressible Navier--Stokes equations: rigorous reduced-basis a posteriori error bounds},
  author={Veroy, K and Patera, AT},
  journal={International Journal for Numerical Methods in Fluids},
  volume={47},
  number={8-9},
  pages={773--788},
  year={2005},
  publisher={Wiley Online Library}
}

@article{rowley2005model,
  title={Model reduction for fluids, using balanced proper orthogonal decomposition},
  author={Rowley, Clarence W},
  journal={International Journal of Bifurcation and Chaos},
  volume={15},
  number={03},
  pages={997--1013},
  year={2005},
  publisher={World Scientific}
}

% mis papers

@article{mills2017deep,
  title={Deep learning and the Schr$\backslash$" odinger equation},
  author={Mills, K and Spanner, M and Tamblyn, I},
  journal={arXiv preprint arXiv:1702.01361},
  year={2017}
}

@article{carleo2017solving,
  title={Solving the quantum many-body problem with artificial neural networks},
  author={Carleo, Giuseppe and Troyer, Matthias},
  journal={Science},
  volume={355},
  number={6325},
  pages={602--606},
  year={2017},
  publisher={American Association for the Advancement of Science}
}

@article{goh2017deep,
  title={Deep learning for computational chemistry},
  author={Goh, Garrett B and Hodas, Nathan O and Vishnu, Abhinav},
  journal={Journal of Computational Chemistry},
  year={2017},
  publisher={Wiley Online Library}
}

@ARTICLE{2017arXiv170502355P,
   author = {{Paganini}, M. and {de Oliveira}, L. and {Nachman}, B.},
    title = "{CaloGAN: Simulating 3D High Energy Particle Showers in Multi-Layer Electromagnetic Calorimeters with Generative Adversarial Networks}",
  journal = {ArXiv e-prints},
archivePrefix = "arXiv",
   eprint = {1705.02355},
 primaryClass = "hep-ex",
 keywords = {High Energy Physics - Experiment, High Energy Physics - Phenomenology, Statistics - Machine Learning},
     year = 2017,
    month = may,
   adsurl = {http://adsabs.harvard.edu/abs/2017arXiv170502355P},
  adsnote = {Provided by the SAO/NASA Astrophysics Data System}
}

% code bases used

@Manual{tensorflow,
  author = {JJ Allaire and Dirk Eddelbuettel and Nick Golding and
    Yuan Tang},
  title = {tensorflow: R Interface to TensorFlow},
  year = {2016},
  url = {https://github.com/rstudio/tensorflow},
}

